%% This BibTeX bibliography file was created using BibDesk.
%% http://bibdesk.sourceforge.net/

%% Created for Brecht De Man at 2016-04-08 12:20:57 +0100 


%% Saved with string encoding Unicode (UTF-8) 



@conference{waetwac,
	Author = {Nicholas Jillings and De Man, Brecht and Moffat, David and Reiss, Joshua D. and Stables, Ryan},
	Booktitle = {2nd Web Audio Conference},
	Date-Added = {2016-04-08 11:20:19 +0000},
	Date-Modified = {2016-04-08 11:20:57 +0000},
	Read = {1},
	Title = {{W}eb {A}udio {E}valuation {T}ool: {A} framework for subjective assessment of audio},
	Year = {2016}}

@book{mushra,
	Date-Added = {2015-12-07 14:24:08 +0000},
	Date-Modified = {2015-12-07 14:24:08 +0000},
	Keywords = {standard},
	Publisher = {Recommendation {ITU-R BS.1534-1}},
	Read = {1},
	Title = {Method for the subjective assessment of intermediate quality level of coding systems},
	Year = {2003}}

@conference{ape,
	Author = {De Man, Brecht and Joshua D. Reiss},
	Booktitle = {136th Convention of the Audio Engineering Society},
	Date-Added = {2015-09-29 17:07:16 +0000},
	Date-Modified = {2015-09-29 17:07:20 +0000},
	Keywords = {perceptual evaluation},
	Month = {April},
	Read = {1},
	Title = {{APE}: {A}udio {P}erceptual {E}valuation toolbox for {MATLAB}},
	Year = {2014}}

@conference{waet,
	Author = {Nicholas Jillings and David Moffat and De Man, Brecht and Joshua D. Reiss},
	Booktitle = {12th Sound and Music Computing Conference},
	Date-Added = {2015-09-22 16:48:27 +0000},
	Date-Modified = {2015-09-22 16:48:33 +0000},
	Month = {July},
	Read = {1},
	Title = {Web {A}udio {E}valuation {T}ool: {A} browser-based listening test environment},
	Year = {2015}}
